@MANUAL{manual,
  title        = {실험물리학3 매뉴얼 - Quantum Analog I},
  organization = {서강대학교 물리학과},
  year         = {2025},
  note         = {pp. 121-167},
}

@book{dj,
    author = {David J. Griffiths},
    title = {Introduction to Quantum Mechanics},
    publisher = {Cambridge University Press},
    edition = {3rd},
    year = {2018},
    note = {pp. 31-38, 131-156},
}

@article{aita,
    author = {S.W. Rienstra \& A. Hirschberg},
    title = {An Introduction to Acoustics},
    journal = {Eindhoven University of Technology},
    year = {2008},
}

@misc{number,
    title = {Quantum number},
    author = {Wikipedia},
    year = {2025},
    note = {\url {https://en.wikipedia.org/wiki/Quantum_number} accesed 06 June 2025.}, 
}